% Encoding: UTF-8

@Article{test1,
  author    = {Vorname Nachname AND Max Mustermann},
  title     = {Dies ist ein testtitel},
  journal   = {Testjournal},
  year      = {2001},
  timestamp = {2018-01-08},
}

@Article{test2,
  author    = {Martina Musterfrau AND John Doe},
  title     = {That is a test article},
  journal   = {Testjournal},
  year      = {2001},
  timestamp = {2018-01-08},
}

@Article{test3,
  author    = {Martina Musterfrau AND John Doe AND Noch Einer AND Wieder Wer AND Autor Tausend AND Autorin Million},
  title     = {That is a test article},
  journal   = {Testjournal},
  year      = {2001},
  timestamp = {2018-01-08},
}

@Book{buch1,
  author    = {Peter Author and Patrizia Autorin},
  title     = {Ein Buch über Linguistik und Sprache},
  year      = {2001},
  publisher = {Publikator},
  location  = {Paris},
  timestamp = {2018-02-13},
}

@InCollection{teil1,
  author    = {Andrea Autorin},
  title     = {{Ein Teil von einem Buch mit einem Titel}},
  booktitle = {{Das Buch, in dem der Artikel erschienen ist}},
  year      = {2007},
  publisher = {Verleger Gutte},
  timestamp = {2018-02-13},
}

@Patent{patent1,
  author    = {Sonja Sonderlich},
  title     = {Eine neue Hebebühne zum Heben einer Bühne},
  number    = {1001/2002},
  year      = {1995},
  timestamp = {2018-02-13},
}

@Patent{patent2,
  author    = {Petra Musterfrau},
  title     = {ein bisher nur angemeldetes Patent},
  number    = {1001/2002},
  year      = {1995},
  timestamp = {2018-02-13},
}

@InProceedings{proc1,
  author    = {Felix Felixson},
  title     = {{Ein Konferenzbeitrag zu einem linguistischen Thema}},
  booktitle = {{Proceedings of ThisConference}},
  year      = {1976},
  timestamp = {2018-02-13},
}

@Comment{jabref-meta: databaseType:biblatex;}
